<record><leader>00000cas a22000007a 4500</leader><controlfield tag="001">10222464</controlfield><controlfield tag="008">831215d19181918ksuwr ne      0   a0eng d</controlfield><datafield ind1=" " ind2=" " tag="010"><subfield code="a">sn 83040980 </subfield></datafield><datafield ind1=" " ind2=" " tag="040"><subfield code="a">KSH</subfield><subfield code="b">eng</subfield><subfield code="c">KSH</subfield><subfield code="d">NPT</subfield><subfield code="d">OCLCQ</subfield></datafield><datafield ind1=" " ind2=" " tag="042"><subfield code="a">msc</subfield></datafield><datafield ind1=" " ind2=" " tag="043"><subfield code="a">n-us-ks</subfield></datafield><datafield ind1="0" ind2="4" tag="245"><subfield code="a">The Voice-republican.</subfield></datafield><datafield ind1=" " ind2=" " tag="260"><subfield code="a">Clyde, Kan. :</subfield><subfield code="b">W.C. Coates,</subfield><subfield code="c">1918.</subfield></datafield><datafield ind1=" " ind2=" " tag="300"><subfield code="a">1 v. :</subfield><subfield code="b">ill. ;</subfield><subfield code="c">55 cm.</subfield></datafield><datafield ind1=" " ind2=" " tag="310"><subfield code="a">Weekly</subfield></datafield><datafield ind1="0" ind2=" " tag="362"><subfield code="a">Vol. 25, no. 20 (June 6, 1918)-v. 25, no. 30 (Aug. 15, 1918).</subfield></datafield><datafield ind1=" " ind2=" " tag="752"><subfield code="a">United States</subfield><subfield code="b">Kansas</subfield><subfield code="c">Cloud</subfield><subfield code="d">Clyde.</subfield></datafield><datafield ind1="0" ind2="4" tag="780"><subfield code="t">Farmers' voice (Clyde, Kan.)</subfield><subfield code="w">(DLC)sn 83040830</subfield></datafield><datafield ind1="0" ind2="4" tag="780"><subfield code="t">Clyde republican (Clyde, Kan. : 1912)</subfield><subfield code="w">(DLC)sn 86064049</subfield></datafield><datafield ind1="0" ind2="0" tag="785"><subfield code="t">Clyde voice-republican</subfield><subfield code="w">(DLC)sn 83040979</subfield></datafield></record>